% This file was created with Citavi 6.15.2.0

@online{javatpoint.2023,
 author = {javatpoint},
 year = {2023},
 title = {Java Operator Precedence - Javatpoint},
 url = {https://www.javatpoint.com/java-operator-precedence},
 urldate = {2023-09-18},
 abstract = {Java Operator Precedence with java tutorial, features, history, variables, object, programs, operators, oops concept, array, string, map, math, methods, examples etc.}
}


@online{RobertSheldon.2023,
 author = {{Robert Sheldon}},
 editor = {ComputerWeekly},
 year = {2023},
 title = {Was ist Compiler (Kompiler)? - Definition von WhatIs.com},
 url = {https://web.archive.org/web/20230401195755/https://www.computerweekly.com/de/definition/Compiler-Kompiler},
 urldate = {2023-09-18},
 abstract = {Ein Compiler ist ein spezielles Programm, das den Quellcode einer Programmiersprache in Maschinencode, Bytecode oder eine andere Programmiersprache {\"u}bersetzt.}
}


